<?xml version="1.0" encoding="UTF-8"?><collection xmlns="http://www.loc.gov/MARC21/slim"><record><leader>00423nam--2200133-i-4500</leader><controlfield tag="001">000004073</controlfield><controlfield tag="002">20161230</controlfield><controlfield tag="005">20161230201025</controlfield><controlfield tag="008">060222s1000------------r-----000-0-eng-d</controlfield><datafield ind1=" " ind2=" " tag="080"><subfield code="a">621.91/94(083.74)</subfield></datafield><datafield ind1=" " ind2=" " tag="245"><subfield code="a">Aschierea si cutitele aschietoare standardi- zate</subfield></datafield><datafield ind1=" " ind2=" " tag="260"><subfield code="a">Bucuresti, Editura Tehnica, 1952 144 P.+ Erata</subfield></datafield><datafield ind1=" " ind2=" " tag="490"><subfield code="a">Comitetul De Stat Pt. Tehnica. Biblioteca Standardizarii, Seria Tehnica 3</subfield></datafield><datafield ind1=" " ind2=" " tag="852"><subfield code="a">1825</subfield></datafield></record></collection>